<?xml version="1.0" encoding="UTF-8"?><collection xmlns="http://www.loc.gov/MARC21/slim"><record><leader>00311nam--2200121-i-4500</leader><controlfield tag="001">000028145</controlfield><controlfield tag="002">20161230</controlfield><controlfield tag="005">20161230201037</controlfield><controlfield tag="008">060222s1000------------r-----000-0-eng-d</controlfield><datafield ind1=" " ind2=" " tag="080"><subfield code="a">539.14</subfield></datafield><datafield ind1=" " ind2=" " tag="245"><subfield code="a">Lehrbuch der kernphysik. bd.3: angewandte kernphysik</subfield></datafield><datafield ind1=" " ind2=" " tag="260"><subfield code="a">Leipzig, B.G.Teubner, 1958, 319p</subfield></datafield><datafield ind1=" " ind2=" " tag="852"><subfield code="a">4968</subfield></datafield></record></collection>